{
  "leader": "03331cam a2200541 i 4500",
  "fields": [
    {
      "001": "ocm03103393\\"
    },
    {
      "003": "OCoLC"
    },
    {
      "005": "20220104162309.0"
    },
    {
      "008": "760417s1976\\\\\\\\maub\\\\\\\\\\b\\\\\\\\001\\0\\eng\\\\"
    },
    {
      "010": {
        "ind1": "\\",
        "ind2": "\\",
        "subfields": [
          {
            "a": "   75044727 "
          }
        ]
      }
    },
    {
      "040": {
        "ind1": "\\",
        "ind2": "\\",
        "subfields": [
          {
            "a": "DLC"
          },
          {
            "b": "eng"
          },
          {
            "c": "DLC"
          },
          {
            "d": "OCL"
          },
          {
            "d": "LAS"
          },
          {
            "d": "MUQ"
          },
          {
            "d": "NLGGC"
          },
          {
            "d": "BTCTA"
          },
          {
            "d": "HIN"
          },
          {
            "d": "OCLCQ"
          },
          {
            "d": "LGG"
          },
          {
            "d": "DEBBG"
          },
          {
            "d": "GBVCP"
          },
          {
            "d": "OCLCF"
          },
          {
            "d": "OCLCQ"
          },
          {
            "d": "OCL"
          },
          {
            "d": "OCLCO"
          },
          {
            "d": "OCL"
          },
          {
            "d": "NLC"
          },
          {
            "d": "OCLCQ"
          },
          {
            "d": "OCLCO"
          },
          {
            "d": "CEF"
          },
          {
            "d": "TKN"
          },
          {
            "d": "CNO"
          },
          {
            "d": "CSA"
          },
          {
            "d": "XFF"
          },
          {
            "d": "HCO"
          },
          {
            "d": "OCLCQ"
          },
          {
            "d": "OCLCA"
          },
          {
            "d": "OCLCO"
          },
          {
            "d": "CACHC"
          }
        ]
      }
    },
    {
      "016": {
        "ind1": "\\",
        "ind2": "\\",
        "subfields": [
          {
            "a": "(AMICUS)000000619777"
          }
        ]
      }
    },
    {
      "019": {
        "ind1": "\\",
        "ind2": "\\",
        "subfields": [
          {
            "a": "2429107"
          },
          {
            "a": "449561010"
          },
          {
            "a": "493037171"
          },
          {
            "a": "961238249"
          },
          {
            "a": "1145192219"
          },
          {
            "a": "1153257108"
          },
          {
            "a": "1166546291"
          },
          {
            "a": "1224880543"
          },
          {
            "a": "1231466801"
          }
        ]
      }
    },
    {
      "020": {
        "ind1": "\\",
        "ind2": "\\",
        "subfields": [
          {
            "a": "0669004219"
          }
        ]
      }
    },
    {
      "020": {
        "ind1": "\\",
        "ind2": "\\",
        "subfields": [
          {
            "a": "9780669004212"
          }
        ]
      }
    },
    {
      "035": {
        "ind1": "\\",
        "ind2": "\\",
        "subfields": [
          {
            "a": "(OCoLC)3103393"
          },
          {
            "z": "(OCoLC)2429107"
          },
          {
            "z": "(OCoLC)449561010"
          },
          {
            "z": "(OCoLC)493037171"
          },
          {
            "z": "(OCoLC)961238249"
          },
          {
            "z": "(OCoLC)1145192219"
          },
          {
            "z": "(OCoLC)1153257108"
          },
          {
            "z": "(OCoLC)1166546291"
          },
          {
            "z": "(OCoLC)1224880543"
          },
          {
            "z": "(OCoLC)1231466801"
          }
        ]
      }
    },
    {
      "043": {
        "ind1": "\\",
        "ind2": "\\",
        "subfields": [
          {
            "a": "e-ur---"
          },
          {
            "a": "n-us---"
          }
        ]
      }
    },
    {
      "045": {
        "ind1": "\\",
        "ind2": "\\",
        "subfields": [
          {
            "a": "x5x7"
          }
        ]
      }
    },
    {
      "050": {
        "ind1": "\\",
        "ind2": "0",
        "subfields": [
          {
            "a": "DK274"
          },
          {
            "b": ".S65194"
          }
        ]
      }
    },
    {
      "055": {
        "ind1": "\\",
        "ind2": "0",
        "subfields": [
          {
            "a": "DK274"
          },
          {
            "b": ".S65194"
          }
        ]
      }
    },
    {
      "082": {
        "ind1": "0",
        "ind2": "4",
        "subfields": [
          {
            "a": "327.47"
          },
          {
            "b": "SOV"
          }
        ]
      }
    },
    {
      "245": {
        "ind1": "0",
        "ind2": "4",
        "subfields": [
          {
            "a": "The Soviet empire :"
          },
          {
            "b": "expansion & de\u0301tente /"
          },
          {
            "c": "edited by William E. Griffith."
          }
        ]
      }
    },
    {
      "260": {
        "ind1": "\\",
        "ind2": "\\",
        "subfields": [
          {
            "a": "Lexington, Mass. :"
          },
          {
            "b": "Lexington Books,"
          },
          {
            "c": "\u00a91976."
          }
        ]
      }
    },
    {
      "300": {
        "ind1": "\\",
        "ind2": "\\",
        "subfields": [
          {
            "a": "xix, 417 pages :"
          },
          {
            "b": "map ;"
          },
          {
            "c": "24 cm."
          }
        ]
      }
    },
    {
      "336": {
        "ind1": "\\",
        "ind2": "\\",
        "subfields": [
          {
            "a": "text"
          },
          {
            "b": "txt"
          },
          {
            "2": "rdacontent"
          }
        ]
      }
    },
    {
      "337": {
        "ind1": "\\",
        "ind2": "\\",
        "subfields": [
          {
            "a": "unmediated"
          },
          {
            "b": "n"
          },
          {
            "2": "rdamedia"
          }
        ]
      }
    },
    {
      "338": {
        "ind1": "\\",
        "ind2": "\\",
        "subfields": [
          {
            "a": "volume"
          },
          {
            "b": "nc"
          },
          {
            "2": "rdacarrier"
          }
        ]
      }
    },
    {
      "490": {
        "ind1": "1",
        "ind2": "\\",
        "subfields": [
          {
            "a": "Critical choices for Americans ;"
          },
          {
            "v": "v. 9"
          }
        ]
      }
    },
    {
      "500": {
        "ind1": "\\",
        "ind2": "\\",
        "subfields": [
          {
            "a": "\"Prepared for the Commission on Critical Choices for Americans.\""
          }
        ]
      }
    },
    {
      "504": {
        "ind1": "\\",
        "ind2": "\\",
        "subfields": [
          {
            "a": "Includes bibliographical references and index."
          }
        ]
      }
    },
    {
      "505": {
        "ind1": "0",
        "ind2": "0",
        "subfields": [
          {
            "t": "The Soviet Union and Eastern Europe : an overview /"
          },
          {
            "r": "William E. Griffith --"
          },
          {
            "t": "The Soviet political elite and internal developments in the USSR /"
          },
          {
            "r": "Seweryn Bialer --"
          },
          {
            "t": "The development of dissent in the USSR /"
          },
          {
            "r": "Peter Reddaway --"
          },
          {
            "t": "The Soviet economy : domestic and international issues /"
          },
          {
            "r": "Joseph S. Berliner and Franklyn D. Holzman --"
          },
          {
            "t": "Military power and Soviet policy /"
          },
          {
            "r": "Thomas W. Wolfe --"
          },
          {
            "t": "The Soviet Union and Western Europe /"
          },
          {
            "r": "Robert Legvold --"
          },
          {
            "t": "The Soviet Union and the Middle East /"
          },
          {
            "r": "Oles M. Smolansky --"
          },
          {
            "t": "Soviet policy in Asia /"
          },
          {
            "r": "Thomas W. Robinson --"
          },
          {
            "t": "Soviet policy in Africa and Latin America : the Cuban connection /"
          },
          {
            "r": "William E. Griffith --"
          },
          {
            "t": "Moscow, Washington, and Eastern Europe /"
          },
          {
            "r": "Robin Alison Remington --"
          },
          {
            "t": "The industrialization of Eastern Europe and East-West trade /"
          },
          {
            "r": "J.M. Montias --"
          },
          {
            "t": "The Soviet Union and Eastern Europe : recommendations for United States policy /"
          },
          {
            "r": "William E. Griffith."
          }
        ]
      }
    },
    {
      "651": {
        "ind1": "\\",
        "ind2": "0",
        "subfields": [
          {
            "a": "Soviet Union"
          },
          {
            "x": "Foreign relations"
          },
          {
            "y": "1953-1975."
          }
        ]
      }
    },
    {
      "651": {
        "ind1": "\\",
        "ind2": "0",
        "subfields": [
          {
            "a": "Soviet Union"
          },
          {
            "x": "Foreign relations"
          },
          {
            "y": "1975-1985."
          }
        ]
      }
    },
    {
      "651": {
        "ind1": "\\",
        "ind2": "0",
        "subfields": [
          {
            "a": "Soviet Union"
          },
          {
            "x": "Politics and government"
          },
          {
            "y": "1953-1985."
          }
        ]
      }
    },
    {
      "651": {
        "ind1": "\\",
        "ind2": "0",
        "subfields": [
          {
            "a": "United States"
          },
          {
            "x": "Foreign relations"
          },
          {
            "z": "Soviet Union."
          }
        ]
      }
    },
    {
      "651": {
        "ind1": "\\",
        "ind2": "0",
        "subfields": [
          {
            "a": "Soviet Union"
          },
          {
            "x": "Foreign relations"
          },
          {
            "z": "United States."
          }
        ]
      }
    },
    {
      "650": {
        "ind1": "\\",
        "ind2": "7",
        "subfields": [
          {
            "a": "Diplomatic relations."
          },
          {
            "2": "fast"
          },
          {
            "0": "(OCoLC)fst01907412"
          }
        ]
      }
    },
    {
      "650": {
        "ind1": "\\",
        "ind2": "7",
        "subfields": [
          {
            "a": "Politics and government"
          },
          {
            "2": "fast"
          },
          {
            "0": "(OCoLC)fst01919741"
          }
        ]
      }
    },
    {
      "651": {
        "ind1": "\\",
        "ind2": "7",
        "subfields": [
          {
            "a": "Soviet Union."
          },
          {
            "2": "fast"
          },
          {
            "0": "(OCoLC)fst01210281"
          }
        ]
      }
    },
    {
      "651": {
        "ind1": "\\",
        "ind2": "7",
        "subfields": [
          {
            "a": "United States."
          },
          {
            "2": "fast"
          },
          {
            "0": "(OCoLC)fst01204155"
          }
        ]
      }
    },
    {
      "648": {
        "ind1": "\\",
        "ind2": "7",
        "subfields": [
          {
            "a": "1953-1985"
          },
          {
            "2": "fast"
          }
        ]
      }
    },
    {
      "700": {
        "ind1": "1",
        "ind2": "\\",
        "subfields": [
          {
            "a": "Griffith, William E."
          }
        ]
      }
    },
    {
      "710": {
        "ind1": "2",
        "ind2": "\\",
        "subfields": [
          {
            "a": "Commission on Critical Choices for Americans."
          }
        ]
      }
    },
    {
      "776": {
        "ind1": "0",
        "ind2": "8",
        "subfields": [
          {
            "i": "Online version:"
          },
          {
            "t": "Soviet empire."
          },
          {
            "d": "Lexington, Mass. : Lexington Books, \u00a91976"
          },
          {
            "w": "(OCoLC)643887067"
          }
        ]
      }
    },
    {
      "830": {
        "ind1": "\\",
        "ind2": "0",
        "subfields": [
          {
            "a": "Critical choices for Americans ;"
          },
          {
            "v": "v. 9."
          }
        ]
      }
    },
    {
      "994": {
        "ind1": "\\",
        "ind2": "\\",
        "subfields": [
          {
            "a": "Z0"
          },
          {
            "b": "NYRVC"
          }
        ]
      }
    },
    {
      "948": {
        "ind1": "\\",
        "ind2": "\\",
        "subfields": [
          {
            "h": "NO HOLDINGS IN NYRVC - 505 OTHER HOLDINGS"
          }
        ]
      }
    },
    {
      "999": {
        "ind1": "\\",
        "ind2": "\\",
        "subfields": [
          {
            "a": "00000000014076"
          }
        ]
      }
    }
  ]
}